@article{scoping,
	author =  "ATLAS Collaboration",
	title = "{Phase-II Upgrade Scoping document}",
	journal = "CERN-LHCC-2015-020 LHCC-G-166",
	year = "2015"
	}
@article{loi,
	author =  "ATLAS Collaboration",
	title = "{"Letter of Intent  Phase-II Upgrade"}",
	journal = "CERN-2012-022 LHCC-I-023",
	year = "2012"
	}
@article{idr,
	author =  "McMahon, S ; Allport, P ; Hayward, H ; Di Girolamo, B",
	title = "{"Initial Design Report of the ITk"}",
	journal = "ATL-COM-UPGRADE-2014-029",
	year = "2014"
	}
@article {magnet_system,
	author = "H. H. J. Ten Kate",
	title = "{"The ATLAS Superconducting Magnet System Performance"}",
	journal = {IEEE Trans. Appl. Superc. 17, 1191, \emph{\url{http://ieeexplore.ieee.org/xpl/articleDetails.jsp?arnumber=4277757}}},
	year = "2007"
	}
@article{current_EMCal,
	author = "ATLAS Collaboration",
	title = "{"ATLAS Liquid-Argon Calorimeter: Technical Design Report"}",
	journal = "{ATLAS-TDR-2; CERN-LHCC-96-041, \emph{\url{http://cds.cern.ch/record/331061?ln=en}}}"
	year = "1996"
	}
@phdthesis{magnet_system_picture,
  author = "J. J. Goodson",
  title  = "{"Search for Supersymmetry in States with Large Missing
            Transverse Momentum and Three Leptons including a Z-Boson"}",
  school = "Stony Brook University",
  month  = "May",
  year   = "2012",
  note   = "Presented 17 Apr 2012",
}
@article{hec,
	author = "T. Barillari",
	title = "The ATLAS liquid argon hadronic end-cap calorimeter: construction and selected beam test results",
	journal = "Nucl.Phys.Proc.Suppl.150:102-105,2006, \emph{\url{arXiv:physics/0407026}}",
	year = "2004"
	}
@book{tile_tdr,
      author = "{ATLAS Collaboration}",
      title         = "{"ATLAS tile calorimeter: Technical Design Report"}",
      publisher     = "CERN",
      collaboration = "ATLAS Collaboration",
      address       = "Geneva",
      series        = "Technical Design Report ATLAS",
      year          = "1996",
      url           = "http://cds.cern.ch/record/331062",
}
@book{muon_tdr,
      author = "{ATLAS Collaboration}",
      title         = "{ATLAS muon spectrometer: Technical Design Report}",
      publisher     = "CERN",
      address       = "Geneva",
      series        = "Technical Design Report ATLAS",
      year          = "1997",
      url           = "http://cds.cern.ch/record/331068",
}

@article{Aad:2008zzm,
      author         = "{ATLAS Collaboration}",
      title          = "{"The ATLAS Experiment at the CERN Large Hadron Collider"}",
      journal        = "JINST",
      volume         = "3",
      year           = "2008",
      pages          = "S08003",
      doi            = "10.1088/1748-0221/3/08/S08003",
      SLACcitation   = "%%CITATION = JINST,3,S08003;%%"
}

@book{Green:2010zza,
      editor         = "Green, Dan",
      title          = "{"At the leading edge: The ATLAS and CMS LHC experiments"}",
      url            = "http://www.worldscibooks.com/physics/7349.html",
      journal        = "Hackensack, USA: World Scientific (2010) 436 p",
      year           = "2010",
      reportNumber   = "ISBN-9789814304672",
      SLACcitation   = "%%CITATION = ISBN-9789814304672;%%"
}
